@misc{wikipedia-gini,
	author = {},
	title = {Коэффициент Джини — Википедия --- ru.wikipedia.org},
	howpublished = {\url{https://ru.wikipedia.org/wiki/%D0%9A%D0%BE%D1%8D%D1%84%D1%84%D0%B8%D1%86%D0%B8%D0%B5%D0%BD%D1%82_%D0%94%D0%B6%D0%B8%D0%BD%D0%B8}},
	year = {}
}

@misc{sheet-count-likes,
	author = {},
	title = {Table count of likes of top authors},
	howpublished = {\url{https://docs.google.com/spreadsheets/d/1m4j6RICIfq6DIdJ1OtQPb95STsEhHjRoEMEKSS9QAVE/edit?gid=1373352226#gid=1373352226}},
	year = {}
}

@misc{sheet-calc-gini-coefficient,
	author = {},
	title = {Table calculation of gini coefficient},
	howpublished = {\url{https://docs.google.com/spreadsheets/d/1m4j6RICIfq6DIdJ1OtQPb95STsEhHjRoEMEKSS9QAVE/edit?gid=1472074717#gid=1472074717}},
	year = {}
}

@misc{sheet-count-comments,
	author = {},
	title = {Table count of comments},
	howpublished = {\url{https://docs.google.com/spreadsheets/d/1m4j6RICIfq6DIdJ1OtQPb95STsEhHjRoEMEKSS9QAVE/edit?gid=1821382722#gid=1821382722}},
	year = {}
}


@misc{sheet-density,
	author = {},
	title = {Table density},
	howpublished = {\url{https://docs.google.com/spreadsheets/d/1m4j6RICIfq6DIdJ1OtQPb95STsEhHjRoEMEKSS9QAVE/edit?gid=585297305#gid=585297305}},
	year = {}
	}


@misc{code-scrape-py,
	author = {},
	title = {scrape.py},
	howpublished = {\url{https://drive.google.com/file/d/1x_XWGbxKHCPxmJo7_cfyQRLmpgFyUDie/view?usp=drive_link}},
	year = {}
}

@misc{sheet-density-distribution,
	author = {},
	title = {Table and graph of density distribution},
	howpublished = {\url{https://docs.google.com/spreadsheets/d/1m4j6RICIfq6DIdJ1OtQPb95STsEhHjRoEMEKSS9QAVE/edit?gid=1492772175#gid=1492772175}},
	year = {}
}

@misc{wikipedia-hindex,
	author = {},
	title = {Индекс Хирша -- ru.wikipedia.org},
	howpublished = {\url{https://ru.wikipedia.org/wiki/%D0%98%D0%BD%D0%B4%D0%B5%D0%BA%D1%81_%D0%A5%D0%B8%D1%80%D1%88%D0%B0}},
	year = {}
}

@misc{vk-link-old-stats,
	author = {},
	title = {Паста-5815},
	howpublished = {\url{https://vk.com/wall-214737987_30155}},
	year = {}
}

@misc{sheet-main,
	author = {},
	title = {Gogle sheet main},
	howpublished = {\url{https://docs.google.com/spreadsheets/d/1m4j6RICIfq6DIdJ1OtQPb95STsEhHjRoEMEKSS9QAVE/edit?usp=sharing}},
	year = {}
}
	
@misc{sheet-post-vs-time,
	author = {},
	title = {Table of posts vs time},
	howpublished = {\url{https://docs.google.com/spreadsheets/d/1m4j6RICIfq6DIdJ1OtQPb95STsEhHjRoEMEKSS9QAVE/edit?gid=46077490#gid=46077490}},
	year = {}
}

@misc{vk-link-poll-removal-of-okli,
	author = {},
	title = {Паста-13620},
	howpublished = {\url{https://vk.com/wall-214737987_72834}},
	year = {}
}

@misc{vk-announcement-of-okli,
	author = {},
	title = {Anncouncement of Okli},
	howpublished = {\url{https://vk.com/wall-214737987_64930}},
	year = {}
}





